<record xmlns='http://www.loc.gov/MARC21/slim'><leader>01271cim a22003492u 4500</leader><controlfield tag='001'>3601074</controlfield><controlfield tag='005'>20151214182757.0</controlfield><controlfield tag='007'>ss|lmnjluz|nuu</controlfield><controlfield tag='008'>991101s1984    nyunnn         l    eng d</controlfield><datafield ind1=' ' ind2=' ' tag='035'><subfield code='a'>(NIC)notisASF8139</subfield></datafield><datafield ind1=' ' ind2=' ' tag='035'><subfield code='a'>3601074</subfield></datafield><datafield ind1=' ' ind2=' ' tag='035'><subfield code='a'>(OCoLC)63897016</subfield></datafield><datafield ind1=' ' ind2=' ' tag='040'><subfield code='a'>NIC</subfield><subfield code='c'>NIC</subfield><subfield code='d'>NIC</subfield><subfield code='d'>NIC</subfield></datafield><datafield ind1='1' ind2=' ' tag='100'><subfield code='a'>Kleihues, Josef Paul.</subfield></datafield><datafield ind1='1' ind2='0' tag='245'><subfield code='a'>Berlin architecture and urban design since 1900</subfield><subfield code='h'>[sound recording]</subfield></datafield><datafield ind1=' ' ind2=' ' tag='260'><subfield code='c'>1984.</subfield></datafield><datafield ind1=' ' ind2=' ' tag='300'><subfield code='a'>1 sound cassette (79 min.) :</subfield><subfield code='b'>analog, mono.</subfield></datafield><datafield ind1=' ' ind2=' ' tag='500'><subfield code='a'>Recorded in Ithaca, NY by Cornell University.</subfield></datafield><datafield ind1=' ' ind2=' ' tag='518'><subfield code='a'>Lecture, October 31, 1984.</subfield></datafield><datafield ind1=' ' ind2=' ' tag='520'><subfield code='a'>Kleihues describes several of the civic designs which were suggested for Berlin during the period 1900-1965.</subfield></datafield><datafield ind1=' ' ind2=' ' tag='540'><subfield code='a'>No reproductions authorized.</subfield></datafield><datafield ind1=' ' ind2='0' tag='650'><subfield code='a'>Architecture</subfield><subfield code='z'>Germany</subfield><subfield code='y'>1900-1965.</subfield></datafield><datafield ind1=' ' ind2='0' tag='650'><subfield code='a'>City planning</subfield><subfield code='z'>Germany</subfield><subfield code='z'>Berlin.</subfield></datafield><datafield ind1=' ' ind2='7' tag='648'><subfield code='a'>1900 - 1965</subfield><subfield code='2'>fast</subfield></datafield><datafield ind1=' ' ind2='7' tag='650'><subfield code='a'>Architecture</subfield><subfield code='2'>fast</subfield><subfield code='0'>(OCoLC)fst00813346</subfield></datafield><datafield ind1=' ' ind2='7' tag='650'><subfield code='a'>City planning</subfield><subfield code='2'>fast</subfield><subfield code='0'>(OCoLC)fst00862177</subfield></datafield><datafield ind1=' ' ind2='7' tag='651'><subfield code='a'>Germany</subfield><subfield code='2'>fast</subfield><subfield code='0'>(OCoLC)fst01210272</subfield></datafield><datafield ind1=' ' ind2='7' tag='651'><subfield code='a'>Germany</subfield><subfield code='z'>Berlin</subfield><subfield code='2'>fast</subfield><subfield code='0'>(OCoLC)fst01204829</subfield></datafield><datafield ind1=' ' ind2='0' tag='830'><subfield code='a'>Preston H. Thomas memorial lectures.</subfield></datafield><datafield ind1='1' ind2=' ' tag='899'><subfield code='a'>CULectures</subfield></datafield><datafield ind1=' ' ind2=' ' tag='905'><subfield code='a'>20000313120000.0</subfield></datafield><datafield ind1='2' ind2=' ' tag='948'><subfield code='a'>20141221</subfield><subfield code='b'>m</subfield><subfield code='d'>batch</subfield><subfield code='e'>lts</subfield><subfield code='x'>addfast</subfield></datafield></record>